@FOOTNOTE{Note1,key="Note1",note="https://www.jlab.org/exp\protect \_prog/proposals/09/PR12-09-019.pdf"}
@FOOTNOTE{Note2,key="Note2",note="https://en.wikipedia.org/wiki/Covariance\protect \_and\protect \_correlation"}
@FOOTNOTE{Note3,key="Note3",note="https://www.sagepub.com/upm-data/6427\protect \_Chapter\protect \_4\protect \_\protect \_Lee\protect \_(Analyzing)\protect \_I\protect \_PDF\protect \_6.pdf"}
@CONTROL{REVTEX41Control}
@CONTROL{apsrev41Control,author="08",editor="1",pages="0",title="",year="1"}
